%YAML 1.1
%TAG !u! tag:unity3d.com,2011:
--- !u!1 &485369426
GameObject:
  m_ObjectHideFlags: 0
  m_CorrespondingSourceObject: {fileID: 0}
  m_PrefabInstance: {fileID: 0}
  m_PrefabAsset: {fileID: 0}
  serializedVersion: 6
  m_Component:
  - component: {fileID: 485369427}
  m_Layer: 0
  m_Name: Target
  m_TagString: Untagged
  m_Icon: {fileID: 8418204508859773708, guid: 0000000000000000d000000000000000, type: 0}
  m_NavMeshLayer: 0
  m_StaticEditorFlags: 0
  m_IsActive: 1
--- !u!4 &485369427
Transform:
  m_ObjectHideFlags: 0
  m_CorrespondingSourceObject: {fileID: 0}
  m_PrefabInstance: {fileID: 0}
  m_PrefabAsset: {fileID: 0}
  m_GameObject: {fileID: 485369426}
  m_LocalRotation: {x: 0, y: 0, z: 0, w: 1}
  m_LocalPosition: {x: 0, y: 0, z: 0}
  m_LocalScale: {x: 1, y: 1, z: 1}
  m_Children: []
  m_Father: {fileID: 2709969644235374667}
  m_RootOrder: 2
  m_LocalEulerAnglesHint: {x: 0, y: 0, z: 0}
--- !u!95 &1057432044
Animator:
  serializedVersion: 3
  m_ObjectHideFlags: 0
  m_CorrespondingSourceObject: {fileID: 0}
  m_PrefabInstance: {fileID: 0}
  m_PrefabAsset: {fileID: 0}
  m_GameObject: {fileID: 2125089693}
  m_Enabled: 1
  m_Avatar: {fileID: 9000000, guid: d40407b6279cb7c48b8f4a129af0838e, type: 3}
  m_Controller: {fileID: 9100000, guid: 17cf306a6d9ac064784540a39174a07b, type: 2}
  m_CullingMode: 0
  m_UpdateMode: 0
  m_ApplyRootMotion: 0
  m_LinearVelocityBlending: 0
  m_WarningMessage: 
  m_HasTransformHierarchy: 1
  m_AllowConstantClipSamplingOptimization: 1
  m_KeepAnimatorControllerStateOnDisable: 0
--- !u!114 &2078470695
MonoBehaviour:
  m_ObjectHideFlags: 0
  m_CorrespondingSourceObject: {fileID: 0}
  m_PrefabInstance: {fileID: 0}
  m_PrefabAsset: {fileID: 0}
  m_GameObject: {fileID: 2125089693}
  m_Enabled: 1
  m_EditorHideFlags: 0
  m_Script: {fileID: 11500000, guid: d88eca7522c074ecc8e7a522a9370c69, type: 3}
  m_Name: 
  m_EditorClassIdentifier: 
  _duration: 0.5
  delay: 0
  targetScale: {x: 0, y: 0, z: 0}
  targetPosition: {x: 0, y: 1, z: 0}
  target2Position: {x: 0, y: 1, z: 0}
  targetRotation: {x: 0, y: 0, z: 180}
  playOnAwake: 0
  _animationType: 3
  moveEase: 31
  eventAfterAnimation:
    m_PersistentCalls:
      m_Calls: []
--- !u!1 &2709969644235374662
GameObject:
  m_ObjectHideFlags: 0
  m_CorrespondingSourceObject: {fileID: 0}
  m_PrefabInstance: {fileID: 0}
  m_PrefabAsset: {fileID: 0}
  serializedVersion: 6
  m_Component:
  - component: {fileID: 2709969644235374667}
  - component: {fileID: 2709969644235374666}
  - component: {fileID: 2709969644235374665}
  - component: {fileID: 2709969644235374664}
  - component: {fileID: 2709969644235374663}
  - component: {fileID: 2709969644235374668}
  - component: {fileID: 953283068}
  - component: {fileID: 953283075}
  m_Layer: 0
  m_Name: AgentHome
  m_TagString: Player
  m_Icon: {fileID: 0}
  m_NavMeshLayer: 0
  m_StaticEditorFlags: 0
  m_IsActive: 1
--- !u!4 &2709969644235374667
Transform:
  m_ObjectHideFlags: 0
  m_CorrespondingSourceObject: {fileID: 0}
  m_PrefabInstance: {fileID: 0}
  m_PrefabAsset: {fileID: 0}
  m_GameObject: {fileID: 2709969644235374662}
  m_LocalRotation: {x: 0, y: 0, z: 0, w: 1}
  m_LocalPosition: {x: 0, y: 1.04, z: -6.61}
  m_LocalScale: {x: 1, y: 1, z: 1}
  m_Children:
  - {fileID: 8151207633966729866}
  - {fileID: 2125322173}
  - {fileID: 485369427}
  - {fileID: 329046138167154858}
  - {fileID: 6371882501695782064}
  m_Father: {fileID: 0}
  m_RootOrder: 0
  m_LocalEulerAnglesHint: {x: 0, y: 0, z: 0}
--- !u!33 &2709969644235374666
MeshFilter:
  m_ObjectHideFlags: 0
  m_CorrespondingSourceObject: {fileID: 0}
  m_PrefabInstance: {fileID: 0}
  m_PrefabAsset: {fileID: 0}
  m_GameObject: {fileID: 2709969644235374662}
  m_Mesh: {fileID: 10208, guid: 0000000000000000e000000000000000, type: 0}
--- !u!23 &2709969644235374665
MeshRenderer:
  m_ObjectHideFlags: 0
  m_CorrespondingSourceObject: {fileID: 0}
  m_PrefabInstance: {fileID: 0}
  m_PrefabAsset: {fileID: 0}
  m_GameObject: {fileID: 2709969644235374662}
  m_Enabled: 0
  m_CastShadows: 1
  m_ReceiveShadows: 1
  m_DynamicOccludee: 1
  m_MotionVectors: 1
  m_LightProbeUsage: 1
  m_ReflectionProbeUsage: 1
  m_RenderingLayerMask: 1
  m_RendererPriority: 0
  m_Materials:
  - {fileID: 2100000, guid: fca808cb233f2854eb4c621291a257a0, type: 2}
  m_StaticBatchInfo:
    firstSubMesh: 0
    subMeshCount: 0
  m_StaticBatchRoot: {fileID: 0}
  m_ProbeAnchor: {fileID: 0}
  m_LightProbeVolumeOverride: {fileID: 0}
  m_ScaleInLightmap: 1
  m_ReceiveGI: 1
  m_PreserveUVs: 0
  m_IgnoreNormalsForChartDetection: 0
  m_ImportantGI: 0
  m_StitchLightmapSeams: 1
  m_SelectedEditorRenderState: 3
  m_MinimumChartSize: 4
  m_AutoUVMaxDistance: 0.5
  m_AutoUVMaxAngle: 89
  m_LightmapParameters: {fileID: 0}
  m_SortingLayerID: 0
  m_SortingLayer: 0
  m_SortingOrder: 0
--- !u!136 &2709969644235374664
CapsuleCollider:
  m_ObjectHideFlags: 0
  m_CorrespondingSourceObject: {fileID: 0}
  m_PrefabInstance: {fileID: 0}
  m_PrefabAsset: {fileID: 0}
  m_GameObject: {fileID: 2709969644235374662}
  m_Material: {fileID: 0}
  m_IsTrigger: 1
  m_Enabled: 1
  m_Radius: 0.6
  m_Height: 2
  m_Direction: 1
  m_Center: {x: 0, y: 0, z: 0}
--- !u!114 &2709969644235374663
MonoBehaviour:
  m_ObjectHideFlags: 0
  m_CorrespondingSourceObject: {fileID: 0}
  m_PrefabInstance: {fileID: 0}
  m_PrefabAsset: {fileID: 0}
  m_GameObject: {fileID: 2709969644235374662}
  m_Enabled: 1
  m_EditorHideFlags: 0
  m_Script: {fileID: 11500000, guid: 8c5ed7e1e7554044796953b2664c9958, type: 3}
  m_Name: 
  m_EditorClassIdentifier: 
  speed: 10
  container: {fileID: 0}
  invertMovement: 0
  verticalLimits: {x: -36, y: 36}
  horizontallLimits: {x: -36, y: 36}
  dashParticle: {fileID: 4099605399048215031}
  visualMesh: {fileID: 2125089693}
  targei: {fileID: 485369427}
--- !u!54 &2709969644235374668
Rigidbody:
  m_ObjectHideFlags: 0
  m_CorrespondingSourceObject: {fileID: 0}
  m_PrefabInstance: {fileID: 0}
  m_PrefabAsset: {fileID: 0}
  m_GameObject: {fileID: 2709969644235374662}
  serializedVersion: 2
  m_Mass: 1
  m_Drag: 0
  m_AngularDrag: 0.05
  m_UseGravity: 0
  m_IsKinematic: 0
  m_Interpolate: 0
  m_Constraints: 0
  m_CollisionDetection: 0
--- !u!114 &953283068
MonoBehaviour:
  m_ObjectHideFlags: 0
  m_CorrespondingSourceObject: {fileID: 0}
  m_PrefabInstance: {fileID: 0}
  m_PrefabAsset: {fileID: 0}
  m_GameObject: {fileID: 2709969644235374662}
  m_Enabled: 1
  m_EditorHideFlags: 0
  m_Script: {fileID: 11500000, guid: d0f8fd19bbdf09a4fb133063f02ce86e, type: 3}
  m_Name: 
  m_EditorClassIdentifier: 
  playerName: blueCool
  gifts: []
  textNameOver: {fileID: 2340110485478055174}
  nameList: {fileID: 0}
  scaleFactor: {x: 0.06, y: 0.06, z: 0.06}
  soonIDie: 0
  failParticles: {fileID: 3358793356919203518}
--- !u!195 &953283075
NavMeshAgent:
  m_ObjectHideFlags: 0
  m_CorrespondingSourceObject: {fileID: 0}
  m_PrefabInstance: {fileID: 0}
  m_PrefabAsset: {fileID: 0}
  m_GameObject: {fileID: 2709969644235374662}
  m_Enabled: 1
  m_AgentTypeID: 0
  m_Radius: 0.5
  m_Speed: 8
  m_Acceleration: 200
  avoidancePriority: 50
  m_AngularSpeed: 500
  m_StoppingDistance: 0
  m_AutoTraverseOffMeshLink: 1
  m_AutoBraking: 0
  m_AutoRepath: 1
  m_Height: 2
  m_BaseOffset: 1
  m_WalkableMask: 4294967295
  m_ObstacleAvoidanceType: 4
--- !u!1 &3154822674958043717
GameObject:
  m_ObjectHideFlags: 0
  m_CorrespondingSourceObject: {fileID: 0}
  m_PrefabInstance: {fileID: 0}
  m_PrefabAsset: {fileID: 0}
  serializedVersion: 6
  m_Component:
  - component: {fileID: 4908539951176658553}
  - component: {fileID: 5900889459851704616}
  - component: {fileID: 2340110485478055174}
  m_Layer: 0
  m_Name: Name Text
  m_TagString: Untagged
  m_Icon: {fileID: 0}
  m_NavMeshLayer: 0
  m_StaticEditorFlags: 0
  m_IsActive: 1
--- !u!224 &4908539951176658553
RectTransform:
  m_ObjectHideFlags: 0
  m_CorrespondingSourceObject: {fileID: 0}
  m_PrefabInstance: {fileID: 0}
  m_PrefabAsset: {fileID: 0}
  m_GameObject: {fileID: 3154822674958043717}
  m_LocalRotation: {x: 0, y: 0, z: 0, w: 1}
  m_LocalPosition: {x: 0, y: 0, z: 0.49}
  m_LocalScale: {x: -1, y: 1, z: 1}
  m_Children: []
  m_Father: {fileID: 8151207633966729866}
  m_RootOrder: 0
  m_LocalEulerAnglesHint: {x: 0, y: 0, z: 0}
  m_AnchorMin: {x: 0.5, y: 0.5}
  m_AnchorMax: {x: 0.5, y: 0.5}
  m_AnchoredPosition: {x: 0, y: -1.41}
  m_SizeDelta: {x: 5, y: 1}
  m_Pivot: {x: 0.5, y: 0.5}
--- !u!222 &5900889459851704616
CanvasRenderer:
  m_ObjectHideFlags: 0
  m_CorrespondingSourceObject: {fileID: 0}
  m_PrefabInstance: {fileID: 0}
  m_PrefabAsset: {fileID: 0}
  m_GameObject: {fileID: 3154822674958043717}
  m_CullTransparentMesh: 0
--- !u!114 &2340110485478055174
MonoBehaviour:
  m_ObjectHideFlags: 0
  m_CorrespondingSourceObject: {fileID: 0}
  m_PrefabInstance: {fileID: 0}
  m_PrefabAsset: {fileID: 0}
  m_GameObject: {fileID: 3154822674958043717}
  m_Enabled: 1
  m_EditorHideFlags: 0
  m_Script: {fileID: 11500000, guid: f4688fdb7df04437aeb418b961361dc5, type: 3}
  m_Name: 
  m_EditorClassIdentifier: 
  m_Material: {fileID: 0}
  m_Color: {r: 1, g: 1, b: 1, a: 1}
  m_RaycastTarget: 1
  m_OnCullStateChanged:
    m_PersistentCalls:
      m_Calls: []
  m_text: New Text
  m_isRightToLeft: 0
  m_fontAsset: {fileID: 11400000, guid: 8f586378b4e144a9851e7b34d9b748ee, type: 2}
  m_sharedMaterial: {fileID: 2180264, guid: 8f586378b4e144a9851e7b34d9b748ee, type: 2}
  m_fontSharedMaterials: []
  m_fontMaterial: {fileID: 0}
  m_fontMaterials: []
  m_fontColor32:
    serializedVersion: 2
    rgba: 4278190080
  m_fontColor: {r: 0, g: 0, b: 0, a: 1}
  m_enableVertexGradient: 0
  m_colorMode: 3
  m_fontColorGradient:
    topLeft: {r: 1, g: 1, b: 1, a: 1}
    topRight: {r: 1, g: 1, b: 1, a: 1}
    bottomLeft: {r: 1, g: 1, b: 1, a: 1}
    bottomRight: {r: 1, g: 1, b: 1, a: 1}
  m_fontColorGradientPreset: {fileID: 0}
  m_spriteAsset: {fileID: 0}
  m_tintAllSprites: 0
  m_overrideHtmlColors: 0
  m_faceColor:
    serializedVersion: 2
    rgba: 4294967295
  m_outlineColor:
    serializedVersion: 2
    rgba: 4278190080
  m_fontSize: 0.5
  m_fontSizeBase: 0.5
  m_fontWeight: 400
  m_enableAutoSizing: 0
  m_fontSizeMin: 18
  m_fontSizeMax: 72
  m_fontStyle: 1
  m_textAlignment: 514
  m_characterSpacing: 0
  m_wordSpacing: 0
  m_lineSpacing: 0
  m_lineSpacingMax: 0
  m_paragraphSpacing: 0
  m_charWidthMaxAdj: 0
  m_enableWordWrapping: 1
  m_wordWrappingRatios: 0.4
  m_overflowMode: 0
  m_firstOverflowCharacterIndex: -1
  m_linkedTextComponent: {fileID: 0}
  m_isLinkedTextComponent: 0
  m_isTextTruncated: 0
  m_enableKerning: 1
  m_enableExtraPadding: 0
  checkPaddingRequired: 0
  m_isRichText: 1
  m_parseCtrlCharacters: 1
  m_isOrthographic: 1
  m_isCullingEnabled: 0
  m_ignoreRectMaskCulling: 0
  m_ignoreCulling: 1
  m_horizontalMapping: 0
  m_verticalMapping: 0
  m_uvLineOffset: 0
  m_geometrySortingOrder: 0
  m_VertexBufferAutoSizeReduction: 1
  m_firstVisibleCharacter: 0
  m_useMaxVisibleDescender: 1
  m_pageToDisplay: 1
  m_margin: {x: 0, y: 0, z: 0, w: 0}
  m_textInfo:
    textComponent: {fileID: 2340110485478055174}
    characterCount: 8
    spriteCount: 0
    spaceCount: 1
    wordCount: 2
    linkCount: 0
    lineCount: 1
    pageCount: 1
    materialCount: 1
  m_isUsingLegacyAnimationComponent: 0
  m_isVolumetricText: 0
  m_spriteAnimator: {fileID: 0}
  m_hasFontAssetChanged: 0
  m_subTextObjects:
  - {fileID: 0}
  - {fileID: 0}
  - {fileID: 0}
  - {fileID: 0}
  - {fileID: 0}
  - {fileID: 0}
  - {fileID: 0}
  - {fileID: 0}
  m_baseMaterial: {fileID: 0}
  m_maskOffset: {x: 0, y: 0, z: 0, w: 0}
--- !u!1 &5918930123465252744
GameObject:
  m_ObjectHideFlags: 0
  m_CorrespondingSourceObject: {fileID: 0}
  m_PrefabInstance: {fileID: 0}
  m_PrefabAsset: {fileID: 0}
  serializedVersion: 6
  m_Component:
  - component: {fileID: 8151207633966729866}
  - component: {fileID: 703369469792533857}
  - component: {fileID: 7390194288035378829}
  - component: {fileID: 5788168966391932892}
  m_Layer: 0
  m_Name: Canvas
  m_TagString: Untagged
  m_Icon: {fileID: 0}
  m_NavMeshLayer: 0
  m_StaticEditorFlags: 0
  m_IsActive: 1
--- !u!224 &8151207633966729866
RectTransform:
  m_ObjectHideFlags: 0
  m_CorrespondingSourceObject: {fileID: 0}
  m_PrefabInstance: {fileID: 0}
  m_PrefabAsset: {fileID: 0}
  m_GameObject: {fileID: 5918930123465252744}
  m_LocalRotation: {x: -0.38268343, y: 0, z: 0, w: 0.92387956}
  m_LocalPosition: {x: 0, y: 0, z: -0.72}
  m_LocalScale: {x: 1, y: 1, z: 1}
  m_Children:
  - {fileID: 4908539951176658553}
  m_Father: {fileID: 2709969644235374667}
  m_RootOrder: 0
  m_LocalEulerAnglesHint: {x: -45, y: 0, z: 0}
  m_AnchorMin: {x: 0, y: 0}
  m_AnchorMax: {x: 0, y: 0}
  m_AnchoredPosition: {x: 0, y: 1.73}
  m_SizeDelta: {x: 2, y: 2}
  m_Pivot: {x: 0.5, y: 0.5}
--- !u!223 &703369469792533857
Canvas:
  m_ObjectHideFlags: 0
  m_CorrespondingSourceObject: {fileID: 0}
  m_PrefabInstance: {fileID: 0}
  m_PrefabAsset: {fileID: 0}
  m_GameObject: {fileID: 5918930123465252744}
  m_Enabled: 1
  serializedVersion: 3
  m_RenderMode: 2
  m_Camera: {fileID: 0}
  m_PlaneDistance: 100
  m_PixelPerfect: 0
  m_ReceivesEvents: 1
  m_OverrideSorting: 0
  m_OverridePixelPerfect: 0
  m_SortingBucketNormalizedSize: 0
  m_AdditionalShaderChannelsFlag: 25
  m_SortingLayerID: 0
  m_SortingOrder: 0
  m_TargetDisplay: 0
--- !u!114 &7390194288035378829
MonoBehaviour:
  m_ObjectHideFlags: 0
  m_CorrespondingSourceObject: {fileID: 0}
  m_PrefabInstance: {fileID: 0}
  m_PrefabAsset: {fileID: 0}
  m_GameObject: {fileID: 5918930123465252744}
  m_Enabled: 1
  m_EditorHideFlags: 0
  m_Script: {fileID: 11500000, guid: 0cd44c1031e13a943bb63640046fad76, type: 3}
  m_Name: 
  m_EditorClassIdentifier: 
  m_UiScaleMode: 0
  m_ReferencePixelsPerUnit: 100
  m_ScaleFactor: 1
  m_ReferenceResolution: {x: 800, y: 600}
  m_ScreenMatchMode: 0
  m_MatchWidthOrHeight: 0
  m_PhysicalUnit: 3
  m_FallbackScreenDPI: 96
  m_DefaultSpriteDPI: 96
  m_DynamicPixelsPerUnit: 1
--- !u!114 &5788168966391932892
MonoBehaviour:
  m_ObjectHideFlags: 0
  m_CorrespondingSourceObject: {fileID: 0}
  m_PrefabInstance: {fileID: 0}
  m_PrefabAsset: {fileID: 0}
  m_GameObject: {fileID: 5918930123465252744}
  m_Enabled: 1
  m_EditorHideFlags: 0
  m_Script: {fileID: 11500000, guid: dc42784cf147c0c48a680349fa168899, type: 3}
  m_Name: 
  m_EditorClassIdentifier: 
  m_IgnoreReversedGraphics: 1
  m_BlockingObjects: 0
  m_BlockingMask:
    serializedVersion: 2
    m_Bits: 4294967295
--- !u!1001 &2125188409
PrefabInstance:
  m_ObjectHideFlags: 0
  serializedVersion: 2
  m_Modification:
    m_TransformParent: {fileID: 2709969644235374667}
    m_Modifications:
    - target: {fileID: 100004, guid: d40407b6279cb7c48b8f4a129af0838e, type: 3}
      propertyPath: m_Name
      value: chicken
      objectReference: {fileID: 0}
    - target: {fileID: 400004, guid: d40407b6279cb7c48b8f4a129af0838e, type: 3}
      propertyPath: m_LocalPosition.x
      value: -0
      objectReference: {fileID: 0}
    - target: {fileID: 400004, guid: d40407b6279cb7c48b8f4a129af0838e, type: 3}
      propertyPath: m_LocalPosition.y
      value: -1
      objectReference: {fileID: 0}
    - target: {fileID: 400004, guid: d40407b6279cb7c48b8f4a129af0838e, type: 3}
      propertyPath: m_LocalPosition.z
      value: 0
      objectReference: {fileID: 0}
    - target: {fileID: 400004, guid: d40407b6279cb7c48b8f4a129af0838e, type: 3}
      propertyPath: m_LocalRotation.x
      value: 0
      objectReference: {fileID: 0}
    - target: {fileID: 400004, guid: d40407b6279cb7c48b8f4a129af0838e, type: 3}
      propertyPath: m_LocalRotation.y
      value: 1
      objectReference: {fileID: 0}
    - target: {fileID: 400004, guid: d40407b6279cb7c48b8f4a129af0838e, type: 3}
      propertyPath: m_LocalRotation.z
      value: 0
      objectReference: {fileID: 0}
    - target: {fileID: 400004, guid: d40407b6279cb7c48b8f4a129af0838e, type: 3}
      propertyPath: m_LocalRotation.w
      value: 0
      objectReference: {fileID: 0}
    - target: {fileID: 400004, guid: d40407b6279cb7c48b8f4a129af0838e, type: 3}
      propertyPath: m_RootOrder
      value: 1
      objectReference: {fileID: 0}
    - target: {fileID: 400004, guid: d40407b6279cb7c48b8f4a129af0838e, type: 3}
      propertyPath: m_LocalEulerAnglesHint.x
      value: 0
      objectReference: {fileID: 0}
    - target: {fileID: 400004, guid: d40407b6279cb7c48b8f4a129af0838e, type: 3}
      propertyPath: m_LocalEulerAnglesHint.y
      value: 180
      objectReference: {fileID: 0}
    - target: {fileID: 400004, guid: d40407b6279cb7c48b8f4a129af0838e, type: 3}
      propertyPath: m_LocalEulerAnglesHint.z
      value: 0
      objectReference: {fileID: 0}
    - target: {fileID: 400004, guid: d40407b6279cb7c48b8f4a129af0838e, type: 3}
      propertyPath: m_LocalScale.x
      value: 1.5
      objectReference: {fileID: 0}
    - target: {fileID: 400004, guid: d40407b6279cb7c48b8f4a129af0838e, type: 3}
      propertyPath: m_LocalScale.y
      value: 1.5
      objectReference: {fileID: 0}
    - target: {fileID: 400004, guid: d40407b6279cb7c48b8f4a129af0838e, type: 3}
      propertyPath: m_LocalScale.z
      value: 1.5
      objectReference: {fileID: 0}
    - target: {fileID: 400024, guid: d40407b6279cb7c48b8f4a129af0838e, type: 3}
      propertyPath: m_LocalEulerAnglesHint.z
      value: 0.109647565
      objectReference: {fileID: 0}
    - target: {fileID: 400020, guid: d40407b6279cb7c48b8f4a129af0838e, type: 3}
      propertyPath: m_LocalEulerAnglesHint.x
      value: 0.0016831591
      objectReference: {fileID: 0}
    - target: {fileID: 400022, guid: d40407b6279cb7c48b8f4a129af0838e, type: 3}
      propertyPath: m_LocalEulerAnglesHint.z
      value: -0.037148517
      objectReference: {fileID: 0}
    - target: {fileID: 400010, guid: d40407b6279cb7c48b8f4a129af0838e, type: 3}
      propertyPath: m_LocalEulerAnglesHint.x
      value: 0.6282819
      objectReference: {fileID: 0}
    - target: {fileID: 400000, guid: d40407b6279cb7c48b8f4a129af0838e, type: 3}
      propertyPath: m_LocalEulerAnglesHint.x
      value: 0.2246327
      objectReference: {fileID: 0}
    - target: {fileID: 2300024, guid: d40407b6279cb7c48b8f4a129af0838e, type: 3}
      propertyPath: m_Materials.Array.data[0]
      value: 
      objectReference: {fileID: 2100000, guid: fca808cb233f2854eb4c621291a257a0, type: 2}
    - target: {fileID: 2300028, guid: d40407b6279cb7c48b8f4a129af0838e, type: 3}
      propertyPath: m_Materials.Array.data[0]
      value: 
      objectReference: {fileID: 2100000, guid: fca808cb233f2854eb4c621291a257a0, type: 2}
    - target: {fileID: 2300022, guid: d40407b6279cb7c48b8f4a129af0838e, type: 3}
      propertyPath: m_Materials.Array.data[0]
      value: 
      objectReference: {fileID: 2100000, guid: fca808cb233f2854eb4c621291a257a0, type: 2}
    m_RemovedComponents: []
  m_SourcePrefab: {fileID: 100100000, guid: d40407b6279cb7c48b8f4a129af0838e, type: 3}
--- !u!1 &2125089693 stripped
GameObject:
  m_CorrespondingSourceObject: {fileID: 100004, guid: d40407b6279cb7c48b8f4a129af0838e,
    type: 3}
  m_PrefabInstance: {fileID: 2125188409}
  m_PrefabAsset: {fileID: 0}
--- !u!4 &2125322173 stripped
Transform:
  m_CorrespondingSourceObject: {fileID: 400004, guid: d40407b6279cb7c48b8f4a129af0838e,
    type: 3}
  m_PrefabInstance: {fileID: 2125188409}
  m_PrefabAsset: {fileID: 0}
--- !u!1001 &417749753105941080
PrefabInstance:
  m_ObjectHideFlags: 0
  serializedVersion: 2
  m_Modification:
    m_TransformParent: {fileID: 2709969644235374667}
    m_Modifications:
    - target: {fileID: 3121260541306168550, guid: 323d4703c6561478d9a0c42109fb0173,
        type: 3}
      propertyPath: m_Name
      value: Cross
      objectReference: {fileID: 0}
    - target: {fileID: 3121260541306168550, guid: 323d4703c6561478d9a0c42109fb0173,
        type: 3}
      propertyPath: m_IsActive
      value: 0
      objectReference: {fileID: 0}
    - target: {fileID: 6746775214622359272, guid: 323d4703c6561478d9a0c42109fb0173,
        type: 3}
      propertyPath: m_LocalPosition.x
      value: 0
      objectReference: {fileID: 0}
    - target: {fileID: 6746775214622359272, guid: 323d4703c6561478d9a0c42109fb0173,
        type: 3}
      propertyPath: m_LocalPosition.y
      value: 0
      objectReference: {fileID: 0}
    - target: {fileID: 6746775214622359272, guid: 323d4703c6561478d9a0c42109fb0173,
        type: 3}
      propertyPath: m_LocalPosition.z
      value: 0
      objectReference: {fileID: 0}
    - target: {fileID: 6746775214622359272, guid: 323d4703c6561478d9a0c42109fb0173,
        type: 3}
      propertyPath: m_LocalRotation.x
      value: -0.7071068
      objectReference: {fileID: 0}
    - target: {fileID: 6746775214622359272, guid: 323d4703c6561478d9a0c42109fb0173,
        type: 3}
      propertyPath: m_LocalRotation.y
      value: 0
      objectReference: {fileID: 0}
    - target: {fileID: 6746775214622359272, guid: 323d4703c6561478d9a0c42109fb0173,
        type: 3}
      propertyPath: m_LocalRotation.z
      value: 0
      objectReference: {fileID: 0}
    - target: {fileID: 6746775214622359272, guid: 323d4703c6561478d9a0c42109fb0173,
        type: 3}
      propertyPath: m_LocalRotation.w
      value: 0.7071068
      objectReference: {fileID: 0}
    - target: {fileID: 6746775214622359272, guid: 323d4703c6561478d9a0c42109fb0173,
        type: 3}
      propertyPath: m_RootOrder
      value: 4
      objectReference: {fileID: 0}
    - target: {fileID: 6746775214622359272, guid: 323d4703c6561478d9a0c42109fb0173,
        type: 3}
      propertyPath: m_LocalEulerAnglesHint.x
      value: -90
      objectReference: {fileID: 0}
    - target: {fileID: 6746775214622359272, guid: 323d4703c6561478d9a0c42109fb0173,
        type: 3}
      propertyPath: m_LocalEulerAnglesHint.y
      value: 0
      objectReference: {fileID: 0}
    - target: {fileID: 6746775214622359272, guid: 323d4703c6561478d9a0c42109fb0173,
        type: 3}
      propertyPath: m_LocalEulerAnglesHint.z
      value: 0
      objectReference: {fileID: 0}
    m_RemovedComponents: []
  m_SourcePrefab: {fileID: 100100000, guid: 323d4703c6561478d9a0c42109fb0173, type: 3}
--- !u!1 &3358793356919203518 stripped
GameObject:
  m_CorrespondingSourceObject: {fileID: 3121260541306168550, guid: 323d4703c6561478d9a0c42109fb0173,
    type: 3}
  m_PrefabInstance: {fileID: 417749753105941080}
  m_PrefabAsset: {fileID: 0}
--- !u!4 &6371882501695782064 stripped
Transform:
  m_CorrespondingSourceObject: {fileID: 6746775214622359272, guid: 323d4703c6561478d9a0c42109fb0173,
    type: 3}
  m_PrefabInstance: {fileID: 417749753105941080}
  m_PrefabAsset: {fileID: 0}
--- !u!1001 &8584601211226246394
PrefabInstance:
  m_ObjectHideFlags: 0
  serializedVersion: 2
  m_Modification:
    m_TransformParent: {fileID: 2709969644235374667}
    m_Modifications:
    - target: {fileID: 5748308578688406797, guid: ba582aecb005e4ce6b62796194d6f885,
        type: 3}
      propertyPath: m_Name
      value: DashParticles
      objectReference: {fileID: 0}
    - target: {fileID: 5748308578688406797, guid: ba582aecb005e4ce6b62796194d6f885,
        type: 3}
      propertyPath: m_IsActive
      value: 0
      objectReference: {fileID: 0}
    - target: {fileID: 8337184260493251664, guid: ba582aecb005e4ce6b62796194d6f885,
        type: 3}
      propertyPath: m_LocalPosition.x
      value: 0.72
      objectReference: {fileID: 0}
    - target: {fileID: 8337184260493251664, guid: ba582aecb005e4ce6b62796194d6f885,
        type: 3}
      propertyPath: m_LocalPosition.y
      value: 0
      objectReference: {fileID: 0}
    - target: {fileID: 8337184260493251664, guid: ba582aecb005e4ce6b62796194d6f885,
        type: 3}
      propertyPath: m_LocalPosition.z
      value: 0.79
      objectReference: {fileID: 0}
    - target: {fileID: 8337184260493251664, guid: ba582aecb005e4ce6b62796194d6f885,
        type: 3}
      propertyPath: m_LocalRotation.x
      value: 0
      objectReference: {fileID: 0}
    - target: {fileID: 8337184260493251664, guid: ba582aecb005e4ce6b62796194d6f885,
        type: 3}
      propertyPath: m_LocalRotation.y
      value: 0
      objectReference: {fileID: 0}
    - target: {fileID: 8337184260493251664, guid: ba582aecb005e4ce6b62796194d6f885,
        type: 3}
      propertyPath: m_LocalRotation.z
      value: 0
      objectReference: {fileID: 0}
    - target: {fileID: 8337184260493251664, guid: ba582aecb005e4ce6b62796194d6f885,
        type: 3}
      propertyPath: m_LocalRotation.w
      value: 1
      objectReference: {fileID: 0}
    - target: {fileID: 8337184260493251664, guid: ba582aecb005e4ce6b62796194d6f885,
        type: 3}
      propertyPath: m_RootOrder
      value: 3
      objectReference: {fileID: 0}
    - target: {fileID: 8337184260493251664, guid: ba582aecb005e4ce6b62796194d6f885,
        type: 3}
      propertyPath: m_LocalEulerAnglesHint.x
      value: 0
      objectReference: {fileID: 0}
    - target: {fileID: 8337184260493251664, guid: ba582aecb005e4ce6b62796194d6f885,
        type: 3}
      propertyPath: m_LocalEulerAnglesHint.y
      value: 0
      objectReference: {fileID: 0}
    - target: {fileID: 8337184260493251664, guid: ba582aecb005e4ce6b62796194d6f885,
        type: 3}
      propertyPath: m_LocalEulerAnglesHint.z
      value: 0
      objectReference: {fileID: 0}
    m_RemovedComponents: []
  m_SourcePrefab: {fileID: 100100000, guid: ba582aecb005e4ce6b62796194d6f885, type: 3}
--- !u!1 &4099605399048215031 stripped
GameObject:
  m_CorrespondingSourceObject: {fileID: 5748308578688406797, guid: ba582aecb005e4ce6b62796194d6f885,
    type: 3}
  m_PrefabInstance: {fileID: 8584601211226246394}
  m_PrefabAsset: {fileID: 0}
--- !u!4 &329046138167154858 stripped
Transform:
  m_CorrespondingSourceObject: {fileID: 8337184260493251664, guid: ba582aecb005e4ce6b62796194d6f885,
    type: 3}
  m_PrefabInstance: {fileID: 8584601211226246394}
  m_PrefabAsset: {fileID: 0}
